<record><leader>00000cas a22000007a 4500</leader><controlfield tag="001">13207481</controlfield><controlfield tag="008">860227d18561925nyuwr ne      0    0eng d</controlfield><datafield ind1=" " ind2=" " tag="010"><subfield code="a">sn 86053142 </subfield></datafield><datafield ind1=" " ind2=" " tag="040"><subfield code="a">NPX</subfield><subfield code="b">eng</subfield><subfield code="c">NPX</subfield><subfield code="d">NPA</subfield><subfield code="d">NPI</subfield><subfield code="d">NYS</subfield><subfield code="d">OCL</subfield><subfield code="d">OCLCQ</subfield><subfield code="d">OCLCF</subfield><subfield code="d">OCLCO</subfield></datafield><datafield ind1="1" ind2=" " tag="029"><subfield code="a">AU@</subfield><subfield code="b">000041034008</subfield></datafield><datafield ind1=" " ind2=" " tag="042"><subfield code="a">msc</subfield></datafield><datafield ind1=" " ind2=" " tag="043"><subfield code="a">n-us-ny</subfield></datafield><datafield ind1="0" ind2="4" tag="245"><subfield code="a">The Brockport republic.</subfield></datafield><datafield ind1=" " ind2=" " tag="260"><subfield code="a">Brockport, N.Y. :</subfield><subfield code="b">Horatio N. Beach,</subfield><subfield code="c">1856-1925.</subfield></datafield><datafield ind1=" " ind2=" " tag="300"><subfield code="a">v.</subfield></datafield><datafield ind1=" " ind2=" " tag="310"><subfield code="a">Weekly</subfield></datafield><datafield ind1="0" ind2=" " tag="362"><subfield code="a">Vol. 1, no. 1 (Oct. 17, 1856)-v. 69, no. 39 (June 25, 1925).</subfield></datafield><datafield ind1=" " ind2=" " tag="500"><subfield code="a">Publishers: Horatio N. Beach, &lt;1866&gt;; Lorenzo T. Beach, &lt;1876&gt;.</subfield></datafield><datafield ind1=" " ind2=" " tag="500"><subfield code="a">Editors: Horatio N. Beach, &lt;1866-1876&gt;; Lorenzo T. Beach, &lt;1876&gt;.</subfield></datafield><datafield ind1=" " ind2=" " tag="500"><subfield code="a">"Republican," &lt;1876&gt;.</subfield></datafield><datafield ind1=" " ind2=" " tag="530"><subfield code="a">Also issued online.</subfield></datafield><datafield ind1=" " ind2="0" tag="651"><subfield code="a">Brockport (N.Y.)</subfield><subfield code="v">Newspapers.</subfield></datafield><datafield ind1=" " ind2="7" tag="655"><subfield code="a">Newspapers.</subfield><subfield code="2">fast</subfield><subfield code="0">(OCoLC)fst01423814</subfield></datafield><datafield ind1=" " ind2="7" tag="651"><subfield code="a">New York (State)</subfield><subfield code="z">Brockport.</subfield><subfield code="2">fast</subfield><subfield code="0">(OCoLC)fst01232617</subfield></datafield><datafield ind1=" " ind2=" " tag="752"><subfield code="a">United States</subfield><subfield code="b">New York</subfield><subfield code="c">Monroe</subfield><subfield code="d">Brockport.</subfield></datafield><datafield ind1="0" ind2="7" tag="785"><subfield code="t">Brockport Democrat</subfield><subfield code="w">(DLC)sn 83030957</subfield></datafield><datafield ind1="0" ind2="7" tag="785"><subfield code="t">Brockport republic and Brockport Democrat</subfield><subfield code="w">(OCoLC)11037721</subfield></datafield><datafield ind1="4" ind2="1" tag="856"><subfield code="u">http://news2.nnyln.net/brockport-republic/search.html</subfield></datafield></record>